<?xml version="1.0" encoding="UTF-8"?><collection xmlns="http://www.loc.gov/MARC21/slim"><record><leader>00458nam--2200181-u-4500</leader><controlfield tag="001">000054991</controlfield><controlfield tag="002">20161230</controlfield><controlfield tag="005">20161230201051</controlfield><controlfield tag="008">120717s1000------------r-----000-0-rus-d</controlfield><datafield ind1=" " ind2=" " tag="040"><subfield code="a">IFIN-HH</subfield></datafield><datafield ind1=" " ind2=" " tag="041"><subfield code="a">rus</subfield></datafield><datafield ind1=" " ind2=" " tag="080"><subfield code="a">541.1:530.145.6</subfield></datafield><datafield ind1="1" ind2=" " tag="100"><subfield code="a">Rips, I.B</subfield></datafield><datafield ind1="1" ind2="0" tag="245"><subfield code="a">Ucet simmetrii molekul pri kvantovohimiceskih rascetah</subfield><subfield code="c">I.b. rips</subfield></datafield><datafield ind1=" " ind2=" " tag="260"><subfield code="a">Riga</subfield><subfield code="b">Zinatne</subfield><subfield code="c">1978</subfield></datafield><datafield ind1=" " ind2=" " tag="300"><subfield code="a">159P</subfield></datafield><datafield ind1=" " ind2=" " tag="852"><subfield code="a">75145</subfield><subfield code="c">539.19</subfield></datafield><datafield ind1=" " ind2=" " tag="CAT"><subfield code="a">Sys</subfield><subfield code="c">20120717</subfield><subfield code="h">171831</subfield></datafield></record></collection>